%Para todos los metodos usados
@book{dahlquist,
    title={Numerical Methods},
    author={Dahlquist, G. and Bjork, A.},  
    year={1974},
    publisher={Prentice-Hall}
}

% Para diferencias finitas
@book{burden,
    title={Numerical Analysis},
    author={Burden, R. and Faires, D.},  
    year={2011},
    publisher={Brooks/Cole}
}



% Para matriz banda
@book{golub,
    title={Matrix Computations},
    author={Golub, G. and Van Loan, C.},  
    year={1996},
    publisher={The John Hopkins University Press}
}

